
@book{darshana_adikari_team_2017,
	title = {Team {Research} {Report} 2017},
	url = {https://www.hulks.de/_files/TRR_2017.pdf},
	author = {{Darshana Adikari} and {Felix Wege} and {Georg Felbinger} and {Arne Hasselbring} and {Yuria Konda} and {RenÂ´e Kost} and {Pascal Loth} and {Lasse Peters} and {Nicolas Riebesel} and {Thomas Schattschneider} and {Felix Warmuth}},
	year = {2017}
}

@article{zhou_selecting_2014,
	title = {Selecting {Optimal} {Measurement} {Poses} for {Kinematic} {Calibration} of {Industrial} {Robots}},
	volume = {6},
	doi = {10.1155/2014/291389},
	journal = {Advances in Mechanical Engineering},
	author = {Zhou, Jian and Nguyen, Hoai-Nhan and Kang, Hee-Jun},
	month = jan,
	year = {2014},
	pages = {291389}
}

@article{khalil_identifiable_1991,
	title = {Identifiable {Parameters} and {Optimum} {Configurations} for {Robots} {Calibration}},
	volume = {9},
	doi = {10.1017/s0263574700015575},
	number = {01},
	journal = {Robotica},
	author = {Khalil, W. and Gautier, M. and Enguehard, Ch},
	month = jan,
	year = {1991},
	pages = {63}
}

@book{softbank_robotics_video_nodate,
	title = {Video {Camera}},
	url = {http://doc.aldebaran.com/2-1/family/robots/video_robot.html},
	author = {{SoftBank Robotics}}
}

@book{softbank_robotics_sonars_nodate,
	title = {Sonars},
	url = {http://doc.aldebaran.com/2-1/family/robots/sonar_robot.html},
	author = {{SoftBank Robotics}}
}

@book{riebesel_team_2016,
	title = {Team {Research} {Report} 2016},
	url = {https://www.hulks.de/_files/TRR_2016.pdf},
	author = {Riebesel, Nicolas and Hasselbring, Arne and Peters, Lasse and Poppinga, Finn},
	year = {2016}
}

@inproceedings{borm_experimental_nodate,
	title = {Experimental study of observability of parameter errors in robot calibration},
	doi = {10.1109/robot.1989.100048},
	booktitle = {Proceedings, 1989 {International} {Conference} on {Robotics} and {Automation}},
	publisher = {IEEE Comput. Soc. Press},
	author = {Borm, J.-H. and Menq, C.-H.}
}

@article{gaudreault_self-calibration_2018,
	title = {Self-{Calibration} of an {Industrial} {Robot} {Using} a {Novel} {Affordable} 3D {Measuring} {Device}},
	volume = {18},
	doi = {10.3390/s18103380},
	number = {10},
	journal = {Sensors},
	author = {Gaudreault, Martin and Joubair, Ahmed and Bonev, Ilian},
	month = oct,
	year = {2018},
	pages = {3380}
}